3050 4675
559 251 562 258 ’
658 287 792 385 >oar

539 485 933 558 Notoaitimt:

166 680 259 767 Iulio
286 677 449 779 Capitoni
466 677 847 754 mauriennam
871 680 1076 756 Provinciae
1099 681 1232 782 lllyrici

166 860 312 932 Tribuni
339 858 462 947 titulo,
490 840 881 936 omnibus'honoribus
908 859 954 934 ab
982 859 1111 936 ordine

119 1064 122 1072 1
168 973 335 1048 Coloniae
355 973 492 1050 Flaviae
522 975 739 1048 Sirmiatium
766 976 958 1071 honorato,
989 991 1026 1051 et

164 1067 368 1164 Sententiae
390 1087 576 1181 dicundae,
599 1093 685 1168 item
707 1090 988 1166 sacerdotalibus
1189 1177 1192 1182 y

163 1204 209 1277 ab
223 1202 354 1279 ordine
372 1201 533 1279 coloniae
544 1205 672 1308 Ulpiae
686 1212 886 1302 Oescensis‚
900 1221 938 1283 et
950 1221 1101 1284 statuam
1113 1232 1197 1286 aere
1209 1206 1285 1280 col·

105 1375 109 1384 .
163 1318 320 1414 decretis
349 1324 417 1394 iarn
444 1320 583 1423 pridem
609 1322 656 1396 ab
682 1323 811 1402 eodem
837 1325 966 1400 ordine
1170 1324 1282 1424 (lato,

163 1437 383 1510 ornamentis
409 1436 701 1530 duumviralibus,
729 1439 815 1512 item
842 1438 1058 1515 decuriona-

162 1550 261 1624 libus
288 1555 505 1625 ornamentis
528 1552 708 1626 honorato
736 1552 782 1624 ab
809 1552 999 1630 ordinibus

164 1662 389 1737 coloniarum
415 1663 543 1763 Ulpiae
572 1666 865 1737 Poetovionensis
964 1674 968 1679 '

166 1802 215 1851 ex
240 1777 423 1849 Pannonia
448 1778 661 1877 superiore,
688 1778 815 1883 Ulpiae
839 1777 1054 1888 Ratiarensis

165 1918 211 1969 ex
237 1896 374 1967 Moesia
399 1895 598 1995 superiore,
620 1898 787 1968 Traianae
813 1896 926 1968 Sarmi

165 1997 472 2109 zegethusensium
500 2033 546 2083 ex
571 2011 680 2085 Dacia
706 2010 894 2110 superiore

166 2127 252 2197 item
269 2122 547 2198 duumviralibus
570 2124 615 2198 ab
643 2121 773 2199 ordine
799 2126 988 2228 Muniripii

168 2240 444 2332 Romulensium,
466 2239 635 2314 Buleutae
661 2243 816 2315 civitatis
871 2257 874 2264 ’
909 2237 913 2262 ¹

167 2360 333 2454 ponticae
358 2360 651 2441 Tomitanorurn,
674 2361 833 2430 Patrono

169 2476 173 2484 '
340 2472 517 2567 Augustae
542 2469 713 2562 Coloniae
736 2469 865 2569 Ulpiae
886 2471 1098 2560 Oesciensis,

169 2583 272 2661 Ordo
294 2585 458 2660 coloniae
481 2585 608 2685 Ulpiae
630 2588 832 2661 Oesciensis
862 2599 1012 2660 statuam
1037 2607 1121 2661 aero

168 2701 302 2776 collato
328 2725 410 2773 cum
437 2703 654 2777 ornamentis
677 2725 798 2777 sacer-

168 2814 361 2905 dotalibus,
384 2839 429 2887 ex
455 2812 619 2906 decreto,
646 2827 684 2889 et
709 2816 926 2890 ornamentis

168 2929 447 3005 duumviralihus
479 2932 549 3004 iam
573 2928 714 3029 pridem
735 2931 939 3027 honoratov

170 3048 219 3121 ob
245 3053 322 3123 eius
352 3071 438 3147 erga
462 3050 652 3140 sementa,
675 3046 817 3122 honore

170 3183 360 3245 contentus
382 3166 604 3268 impendium
626 3168 774 3241 remisit.

336 3284 456 3379 Locus
483 3279 587 3360 datus
615 3277 763 3357 decreto
790 3275 1067 3369 Decurionnm.''

225 3517 290 3583 Sur·
310 3517 473 3587 terrama
486 3518 591 3588 mnu
613 3518 730 3574 aarum
749 3514 927 3575 anamim:
955 3516 987 3583 ι)
1008 3512 1052 3567 an
1073 3508 1143 3565 ina
1168 3524 1197 3561 ιι
1210 3507 1244 3562 nt
1257 3525 1288 3569 ι,

173 3616 308 3671 soprato:
329 3601 451 3657 Traianae
467 3606 758 3675 Sarmizegethuaensium
780 3624 812 3659 rx
837 3603 914 3657 Dacia
941 3600 1081 3668 superiore3
1110 3611 1216 3649 armeno
1232 3600 1289 3650 Sar·

171 3691 333 3762 mioeguhuaa
352 3705 417 3744 ann
436 3710 468 3744 nr
481 3695 546 3748 a’am
570 3701 621 3750 mal
643 3696 731 3751 aunt
747 3714 782 3751 aa
811 3696 866 3749 nial
879 3710 897 3747 o
916 3690 1004 3760 nietpa
1022 3703 1078 3741 ιιι
1091 3686 1192 3739 tanne
1210 3687 1244 3741 ni
1258 3688 1290 3742 d·

113 3816 118 3820 ·
172 3784 271 3853 tmperi
284 3781 379 3852 “pitis
398 3780 436 3850 ἱ)
457 3781 502 3834 tta
518 3783 586 3836 ainis
607 3786 1095 3848 21m22,honorroenr·nrua,mpo
1115 3785 1204 3847 apum
1223 3795 1290 3832 san

171 3872 304 3945 rnpeaera
323 3869 416 3945 desupr
425 3869 506 3926 Julius
515 3870 615 3940 capno,
639 3888 669 3926 m
686 3872 739 3929 tdto
759 3889 794 3929 n
814 3867 992 3939 Uonlmlbu
1011 3864 1167 3940 mandente
1187 3879 1202 3923 a
1220 3869 1290 3927 Ordo

174 3958 301 4017 Coloniae.
